<record><leader>00000cas a22000007a 4500</leader><controlfield tag="001">16243353</controlfield><controlfield tag="008">870720d19711971lausr ne      0   a0eng d</controlfield><datafield ind1=" " ind2=" " tag="010"><subfield code="a">sn 89059386 </subfield></datafield><datafield ind1=" " ind2=" " tag="040"><subfield code="a">LWA</subfield><subfield code="b">eng</subfield><subfield code="c">LWA</subfield><subfield code="d">LNP</subfield><subfield code="d">OCLCQ</subfield></datafield><datafield ind1=" " ind2=" " tag="042"><subfield code="a">msc</subfield></datafield><datafield ind1=" " ind2=" " tag="043"><subfield code="a">n-us-la</subfield></datafield><datafield ind1="0" ind2=" " tag="130"><subfield code="a">Undercurrents (Lafayette, La.)</subfield></datafield><datafield ind1="1" ind2="0" tag="245"><subfield code="a">Undercurrents.</subfield></datafield><datafield ind1=" " ind2=" " tag="260"><subfield code="a">Lafayette, La. :</subfield><subfield code="b">[s.n.]</subfield></datafield><datafield ind1=" " ind2=" " tag="300"><subfield code="a">v. :</subfield><subfield code="b">ill. ;</subfield><subfield code="c">42 cm.</subfield></datafield><datafield ind1=" " ind2=" " tag="310"><subfield code="a">Semimonthly</subfield></datafield><datafield ind1="0" ind2=" " tag="362"><subfield code="a">Vol. 1, no. 1 (July 23, 1971)-</subfield></datafield><datafield ind1="1" ind2=" " tag="362"><subfield code="a">Ceased in Oct. 1971?</subfield></datafield><datafield ind1=" " ind2=" " tag="550"><subfield code="a">"Published by an anti-profit unincorporated association of individuals in Lafayette, La."</subfield></datafield><datafield ind1=" " ind2=" " tag="752"><subfield code="a">United States</subfield><subfield code="b">Louisiana</subfield><subfield code="c">Lafayette</subfield><subfield code="d">Lafayette.</subfield></datafield></record>